@article{smith2021,
  title={A Comprehensive Guide to LaTeX},
  author={John Smith},
  journal={Journal of LaTeX},
  year={2021},
  volume={1},
  number={1},
  pages={1--10}
}

@book{jones2022,
  title={LaTeX for Beginners},
  author={Mary Jones},
  publisher={Publisher},
  year={2022}
}

%Thêm các tài liệu tham khảo khác tại đây

